
%{T. H.{Cormen} and Ch E. {Leiserson} and R. L. {Rivest} and C. {Stein}}
%wiki
@misc{ wiki:big,
       author = {T. H.{Cormen} and Ch. E. {Leiserson} and R. L. {Rivest} and C. {Stein}},%"Thomas H. Cormen",
       title = "Introduction to Algorithms",
       year = "2001",
       url = "http://www.cs.duke.edu/~ola/ap/recurrence.html",
       note = "[Internet; descargado 13-abril-2020]"
}
%{M. T.{Goodrich} and R. {Tamassia}}

@misc{ wiki:solutions,
       author = {M. T.{Goodrich} and R. {Tamassia}},%"Michael T. Goodrich",
       title = "Algorithm Design: Foundation, Analysis, and Internet Examples",
       year = "2002",
       url = " http://www.csail.mit.edu/~thies/6.046-web/master.pdf",
       note = "[Internet; descargado 13-abril-2020]"
}

